
@book{munoz_martin_pirata_2012,
	location = {Colombia},
	title = {El pirata Garrapata.},
	isbn = {9789587056051},
	series = {El barco de vapor. Serie el pirata Garrapata},
	pagetotal = {153},
	number = {1},
	publisher = {{SM}},
	author = {Muñoz Martín, Juan},
	date = {2012},
	note = {{OCLC}: 1395858258},
}

@inproceedings{merelo-guervos_comparison_2016,
	location = {Vancouver, {BC}, Canada},
	title = {A comparison of implementations of basic evolutionary algorithm operations in different languages},
	isbn = {9781509006236},
	url = {http://ieeexplore.ieee.org/document/7743980/},
	doi = {10.1109/CEC.2016.7743980},
	eventtitle = {2016 {IEEE} Congress on Evolutionary Computation ({CEC})},
	pages = {1602--1609},
	booktitle = {2016 {IEEE} Congress on Evolutionary Computation ({CEC})},
	publisher = {{IEEE}},
	author = {Merelo-Guervos, Juan-Julian and Blancas-Alvarez, Israel and Castillo, Pedro A. and Romero, Gustavo and Rivas, Victor M. and Garcia-Valdez, Mario and Hernandez-Aguila, Amaury and Romain, Mario},
	urldate = {2024-12-07},
	date = {2016-07},
}

@inproceedings{serrano-collado_improving_2020,
	location = {Glasgow, United Kingdom},
	title = {Improving evolution of service configurations for moving target defense},
	rights = {https://ieeexplore.ieee.org/Xplorehelp/downloads/license-information/{IEEE}.html},
	isbn = {9781728169293},
	url = {https://ieeexplore.ieee.org/document/9185786/},
	doi = {10.1109/CEC48606.2020.9185786},
	eventtitle = {2020 {IEEE} Congress on Evolutionary Computation ({CEC})},
	pages = {1--8},
	booktitle = {2020 {IEEE} Congress on Evolutionary Computation ({CEC})},
	publisher = {{IEEE}},
	author = {Serrano-Collado, Ernesto and Garcia-Valdez, Mario and Merelo-Guervos, Juan J.},
	urldate = {2024-12-03},
	date = {2020-07},
}
