
@inproceedings{serrano-collado_improving_2020,
	location = {Glasgow, United Kingdom},
	title = {Improving evolution of service configurations for moving target defense},
	rights = {https://ieeexplore.ieee.org/Xplorehelp/downloads/license-information/{IEEE}.html},
	isbn = {9781728169293},
	url = {https://ieeexplore.ieee.org/document/9185786/},
	doi = {10.1109/CEC48606.2020.9185786},
	eventtitle = {2020 {IEEE} Congress on Evolutionary Computation ({CEC})},
	pages = {1--8},
	booktitle = {2020 {IEEE} Congress on Evolutionary Computation ({CEC})},
	publisher = {{IEEE}},
	author = {Serrano-Collado, Ernesto and Garcia-Valdez, Mario and Merelo-Guervos, Juan J.},
	urldate = {2024-12-03},
	date = {2020-07},
}
